<?xml version="1.0" encoding="UTF-8"?><record xmlns="http://www.loc.gov/MARC21/slim" xmlns:cinclude="http://apache.org/cocoon/include/1.0" xmlns:zs="http://www.loc.gov/zing/srw/">
  <leader>00616cz  a2200181n  4500</leader>
  <controlfield tag="001">n  82131327 </controlfield>
  <controlfield tag="003">DLC</controlfield>
  <controlfield tag="005">20010728075033.0</controlfield>
  <controlfield tag="008">820927n| acannaabn          |a ana      </controlfield>
  <datafield tag="010" ind1=" " ind2=" ">
    <subfield code="a">n  82131327 </subfield>
  </datafield>
  <datafield tag="035" ind1=" " ind2=" ">
    <subfield code="a">(OCoLC)oca00827581</subfield>
  </datafield>
  <datafield tag="040" ind1=" " ind2=" ">
    <subfield code="a">DLC</subfield>
    <subfield code="b">eng</subfield>
    <subfield code="c">DLC</subfield>
    <subfield code="d">OCoLC</subfield>
  </datafield>
  <datafield tag="110" ind1="2" ind2=" ">
    <subfield code="a">Algemeen Arbeidsongeschiktheidsfonds (Netherlands)</subfield>
  </datafield>
  <datafield tag="410" ind1="1" ind2=" ">
    <subfield code="a">Netherlands.</subfield>
    <subfield code="b">Algemeen Arbeidsongeschiktheidsfonds</subfield>
  </datafield>
  <datafield tag="410" ind1="2" ind2=" ">
    <subfield code="a">AAF</subfield>
  </datafield>
  <datafield tag="410" ind1="2" ind2=" ">
    <subfield code="a">A.A.F.</subfield>
  </datafield>
  <datafield tag="670" ind1=" " ind2=" ">
    <subfield code="a">Its Jaarverslag, 1976:</subfield>
    <subfield code="b">t.p. (Algemeen Arbeidsongeschiktheidsfonds)</subfield>
  </datafield>
  <datafield tag="670" ind1=" " ind2=" ">
    <subfield code="a">Staatsalmanak, 1981:</subfield>
    <subfield code="b">p. S 11 (Algemeen Arbeidsongeschiktheidsfonds (AAF) est. 12-11-75)</subfield>
  </datafield>
</record>